@inproceedings{whanau:nsdi10,
	title = "Wh\=anau: A Sybil-Proof Distributed Hash Table",
	booktitle = "Symposium on Networked System Design and Implementation",
	author = "Chris Lesniewski-Laas and M. Frans Kaashoek",
	month = "April",
	year = 2010,
	monthno = 4,
	address = "San Jose, California"}

@inproceedings{eyo:hotstorage09,
	title = "Device Transparency: A New Model for Mobile Storage",
	booktitle = "SOSP Workshop on Hot Topics in Storage and File Systems (HotStorage)",
	author = "Jacob Strauss and Chris Lesniewski-Laas and Justin Mazzola Paluska and Bryan Ford and Robert Morris and M. Frans Kaashoek",
	month = "October",
	year = 2009,
	monthno = 10,
	address = "Big Sky, Montana"}

@techreport{whanau:tr09,
	author = "Chris Lesniewski-Laas and M. Frans Kaashoek",
	title = "Wh\=anaungatanga: Sybil-Proof Routing with Social Networks",
	number = "MIT-CSAIL-TR-2009-045",
	month = "September",
	year = 2009,
	monthno = 9,
	institution = "MIT"}

@inproceedings{sybil:socialnets08,
	title = "A Sybil-Proof One-Hop DHT",
	booktitle = "Workshop on Social Network Systems",
	author = "Chris Lesniewski-Laas",
	month = "April",
	year = 2008,
	monthno = 4,
	address = "Glasgow, Scotland"}

@inproceedings{alpaca:ccs07,
	title = "Alpaca: Extensible Authorization for Distributed Services",
	booktitle = "ACM Conference on Computer and Communications Security",
	author = "Chris Lesniewski-Laas and Bryan Ford and Jacob Strauss and Robert Morris and M. Frans Kaashoek",
	publisher = "ACM",
	month = "October",
	year = 2007,
	monthno = 10,
	address = "Alexandria, Virginia"}

@inproceedings{uia:osdi06,
	title = "Persistent Personal Names for Globally Connected Mobile Devices",
	booktitle = "Symposium on Operating System Design and Implementation",
	author = "Bryan Ford and Jacob Strauss and Chris Lesniewski-Laas and Sean Rhea and M. Frans Kaashoek and Robert Morris",
	month = "November",
	year = 2006,
	monthno = 11,
	address = "Seattle, Washington"}

@inproceedings{uia:iptps06,
	title = "User-Relative Names for Globally Connected Personal Devices",
	booktitle = "International Workshop on Peer-to-Peer Systems",
	author = "Bryan Ford and Jacob Strauss and Chris Lesniewski-Laas and Sean Rhea and M. Frans Kaashoek and Robert Morris",
	month = "February",
	year = 2006,
	monthno = 2,
	address = "Santa Barbara, California"}

@inproceedings{sybil:esorics05,
	title = "Sybil-Resistant DHT Routing",
	booktitle = "European Symposium On Research In Computer Security",
	author = "George Danezis and Chris Lesniewski-Laas and M. Frans Kaashoek and Ross Anderson",
	month = "September",
	year = 2005,
	monthno = 9,
	address = "Milan, Italy"}

@article{ssl-splitting:compnet05,
	publisher = "Elsevier",
	title = "SSL Splitting: Securely Serving Data from Untrusted Caches",
	journal = "Computer Networks",
	author = "Chris Lesniewski-Laas and M. Frans Kaashoek",
	number = 5,
	volume = 48,
	monthno = 8,
	year = 2005,
	newspaper = "Computer Networks",
	month = "August",
	pages = "763--779"}

@inproceedings{ssl-splitting:usenixsecurity03,
	title = "SSL Splitting: Securely Serving Data from Untrusted Caches",
	booktitle = "USENIX Security Symposium",
	author = "Chris Lesniewski-Laas and M. Frans Kaashoek",
	month = "August",
	year = 2003,
	monthno = 8,
	address = "Washington, D.C."}

@mastersthesis{ssl-splitting:meng03,
	school = "Massachusetts Institute of Technology",
	title = "SSL Splitting and Barnraising: Cooperative Caching with Authenticity Guarantees",
	author = "Chris Lesniewski-Laas",
	month = "February",
	year = 2003,
	monthno = 2}

